@article{Chouldechova2016FairPW,
  title={Fair prediction with disparate impact: A study of bias in recidivism prediction instruments},
  author={Alexandra Chouldechova},
  journal={Big data},
  year={2016},
  volume={5 2},
  pages={
          153-163
        },
  url={https://api.semanticscholar.org/CorpusID:1443041}
}

@incollection{mlr3_book, 
  author = "Florian Pfisterer", 
  title = "Algorithmic Fairness",
  booktitle = "Applied Machine Learning Using {m}lr3 in {R}",
  publisher = "CRC Press", year = "2024",
  editor = "Bernd Bischl and Raphael Sonabend and Lars Kotthoff and Michel Lang", 
  url = "https://mlr3book.mlr-org.com/algorithmic_fairness.html"
}

@book{lane,
  title = {Chapter 11: Bias and Fairness {\textbar} {Big Data and Social Science}},
  author = {Rayid Ghani and Ron S. Jarmin and Frauke Kreuter and Ian Foster and Julia Lane},
  urldate = {2025-01-15},
  abstract = {Chapter 11: Bias and Fairness | Big Data and Social Science},
  file = {/Users/julietfleischer/Zotero/storage/IKNVR93L/chap-bias.html}
}
